<record><leader>00000cas a22000007a 4500</leader><controlfield tag="001">15023776</controlfield><controlfield tag="008">861230d19191968inudn ne      0    0eng d</controlfield><datafield ind1=" " ind2=" " tag="010"><subfield code="a">sn 86059166 </subfield></datafield><datafield ind1=" " ind2=" " tag="040"><subfield code="a">NPI</subfield><subfield code="b">eng</subfield><subfield code="c">NPI</subfield><subfield code="d">NSD</subfield><subfield code="d">OCLCQ</subfield></datafield><datafield ind1=" " ind2=" " tag="042"><subfield code="a">msc</subfield></datafield><datafield ind1="0" ind2="4" tag="245"><subfield code="a">The Bicknell daily news.</subfield></datafield><datafield ind1=" " ind2=" " tag="260"><subfield code="a">Bicknell, Ind. :</subfield><subfield code="b">F.F. McNaughton, Paul R. McGuire,</subfield><subfield code="c">1919-1968.</subfield></datafield><datafield ind1=" " ind2=" " tag="310"><subfield code="a">Daily (except Sun.)</subfield></datafield><datafield ind1="0" ind2=" " tag="362"><subfield code="a">Vol. 1, no. 1 (Oct. 1, 1919)-v. 49, no. 167 (May 31, 1968).</subfield></datafield><datafield ind1=" " ind2=" " tag="752"><subfield code="a">United States</subfield><subfield code="b">Indiana</subfield><subfield code="c">Knox</subfield><subfield code="d">Bicknell.</subfield></datafield><datafield ind1="0" ind2="0" tag="780"><subfield code="t">Bicknell monitor and herald-news</subfield><subfield code="w">(DLC)sn 86059165</subfield></datafield><datafield ind1="0" ind2="0" tag="785"><subfield code="t">Knox County daily news</subfield><subfield code="w">(DLC)sn 86059167</subfield><subfield code="w">(OCoLC)15024350</subfield></datafield></record>